<?xml version = "1.0" encoding = "UTF-8"?><record>
  <leader>00810nam#a2200277#c#4500</leader>
  <controlfield tag="005">20210317190700.0</controlfield>
  <controlfield tag="007">tu</controlfield>
  <controlfield tag="008">000126|1978####xxk###########|||#|#eng#c</controlfield>
  <controlfield tag="003">DE-605</controlfield>
  <controlfield tag="001">990000454610206441</controlfield>
  <datafield tag="016" ind1="7" ind2=" ">
    <subfield code="a">610787988</subfield>
    <subfield code="2">OCoLC</subfield>
  </datafield>
  <datafield tag="020" ind1=" " ind2=" ">
    <subfield code="a">0521217555</subfield>
    <subfield code="9">0-521-21755-5</subfield>
    <subfield code="0">(uri) http://www.isbnsearch.org/isbn/0521217555</subfield>
  </datafield>
  <datafield tag="020" ind1=" " ind2=" ">
    <subfield code="a">0521292654</subfield>
    <subfield code="9">0-521-29265-4</subfield>
    <subfield code="0">(uri) http://www.isbnsearch.org/isbn/0521292654</subfield>
  </datafield>
  <datafield tag="035" ind1=" " ind2=" ">
    <subfield code="a">(DE-605)HT000052280</subfield>
  </datafield>
  <datafield tag="040" ind1=" " ind2=" ">
    <subfield code="c">DE-605</subfield>
    <subfield code="a">61</subfield>
    <subfield code="b">ger</subfield>
    <subfield code="d">385</subfield>
    <subfield code="e">rakwb</subfield>
    <subfield code="d">DE-605</subfield>
  </datafield>
  <datafield tag="041" ind1=" " ind2=" ">
    <subfield code="a">eng</subfield>
  </datafield>
  <datafield tag="044" ind1=" " ind2=" ">
    <subfield code="c">XA-GB</subfield>
  </datafield>
  <datafield tag="100" ind1="1" ind2=" ">
    <subfield code="a">Broad, Charlie D.</subfield>
    <subfield code="d">1887-1971</subfield>
    <subfield code="0">(DE-588)118935259</subfield>
    <subfield code="4">aut</subfield>
    <subfield code="0">(uri) https://portal.dnb.de/opac.htm?method=simpleSearch&amp;cqlMode=true&amp;query=idn=118935259</subfield>
    <subfield code="0">(uri) http://viaf.org/viaf/sourceID/DNB|118935259</subfield>
    <subfield code="B">GND-118935259</subfield>
  </datafield>
  <datafield tag="245" ind1="1" ind2="0">
    <subfield code="a">Kant</subfield>
    <subfield code="b">an introduction</subfield>
    <subfield code="c">C. D. Broad</subfield>
  </datafield>
  <datafield tag="264" ind1=" " ind2="1">
    <subfield code="a">Cambridge</subfield>
    <subfield code="b">Cambridge Univ. Pr.</subfield>
    <subfield code="c">1978</subfield>
  </datafield>
  <datafield tag="300" ind1=" " ind2=" ">
    <subfield code="a">XII, 319 S.</subfield>
  </datafield>
  <datafield tag="689" ind1="0" ind2="0">
    <subfield code="a">Kant, Immanuel</subfield>
    <subfield code="d">1724-1804</subfield>
    <subfield code="D">p</subfield>
    <subfield code="0">(DE-588)118559796</subfield>
    <subfield code="0">(uri) https://portal.dnb.de/opac.htm?method=simpleSearch&amp;cqlMode=true&amp;query=idn=118559796</subfield>
    <subfield code="0">(uri) http://viaf.org/viaf/sourceID/DNB|118559796</subfield>
    <subfield code="B">GND-118559796</subfield>
  </datafield>
  <datafield tag="689" ind1="0" ind2="1">
    <subfield code="a">Philosophie</subfield>
    <subfield code="D">s</subfield>
    <subfield code="0">(DE-588)4045791-6</subfield>
    <subfield code="0">(uri) https://portal.dnb.de/opac.htm?method=simpleSearch&amp;cqlMode=true&amp;query=idn=040457915</subfield>
    <subfield code="0">(uri) http://viaf.org/viaf/sourceID/DNB|040457915</subfield>
    <subfield code="B">GND-040457915</subfield>
  </datafield>
  <datafield tag="964" ind1="0" ind2="s">
    <subfield code="F">051</subfield>
    <subfield code="A">m|||||||</subfield>
  </datafield>
  <datafield tag="964" ind1="0" ind2="s">
    <subfield code="F">030</subfield>
    <subfield code="A">a|1uc||||||17</subfield>
  </datafield>
  <datafield tag="964" ind1="0" ind2="s">
    <subfield code="F">050</subfield>
    <subfield code="A">a|||||||||||||</subfield>
  </datafield>
  <datafield tag="035" ind1=" " ind2=" ">
    <subfield code="a">(OCoLC)610787988</subfield>
    <subfield code="0">(uri) http://www.worldcat.org/oclc/610787988</subfield>
  </datafield>
  <datafield tag="MBD" ind1=" " ind2=" ">
    <subfield code="M">49HBZ_NETWORK</subfield>
    <subfield code="i">990000454610206441</subfield>
    <subfield code="n">HBZ Network</subfield>
  </datafield>
  <datafield tag="MBD" ind1=" " ind2=" ">
    <subfield code="M">49HBZ_BIE</subfield>
    <subfield code="i">991000422639706442</subfield>
    <subfield code="n">UB Bielefeld</subfield>
  </datafield>
  <datafield tag="020" ind1=" " ind2=" ">
    <subfield code="a">0521217555</subfield>
    <subfield code="9">0-521-21755-5</subfield>
    <subfield code="M">49HBZ_BIE</subfield>
  </datafield>
  <datafield tag="020" ind1=" " ind2=" ">
    <subfield code="a">0521292654</subfield>
    <subfield code="9">0-521-29265-4</subfield>
    <subfield code="M">49HBZ_BIE</subfield>
  </datafield>
  <datafield tag="980" ind1="1" ind2=" ">
    <subfield code="e">HBZ</subfield>
    <subfield code="9">LOCAL</subfield>
    <subfield code="M">49HBZ_BIE</subfield>
  </datafield>
  <datafield tag="981" ind1=" " ind2=" ">
    <subfield code="a">(DE-361)9714</subfield>
    <subfield code="9">LOCAL</subfield>
    <subfield code="M">49HBZ_BIE</subfield>
  </datafield>
  <datafield tag="997" ind1=" " ind2=" ">
    <subfield code="a">20020120</subfield>
    <subfield code="9">LOCAL</subfield>
    <subfield code="M">49HBZ_BIE</subfield>
  </datafield>
  <datafield tag="MBD" ind1=" " ind2=" ">
    <subfield code="M">49HBZ_UBD</subfield>
    <subfield code="i">991012396559706445</subfield>
    <subfield code="n">UB Dortmund</subfield>
  </datafield>
  <datafield tag="020" ind1=" " ind2=" ">
    <subfield code="a">0521217555</subfield>
    <subfield code="9">0-521-21755-5</subfield>
    <subfield code="M">49HBZ_UBD</subfield>
  </datafield>
  <datafield tag="020" ind1=" " ind2=" ">
    <subfield code="a">0521292654</subfield>
    <subfield code="9">0-521-29265-4</subfield>
    <subfield code="M">49HBZ_UBD</subfield>
  </datafield>
  <datafield tag="980" ind1="1" ind2=" ">
    <subfield code="e">HBZ</subfield>
    <subfield code="9">LOCAL</subfield>
    <subfield code="M">49HBZ_UBD</subfield>
  </datafield>
  <datafield tag="981" ind1=" " ind2=" ">
    <subfield code="a">(DE-290)1266395</subfield>
    <subfield code="9">LOCAL</subfield>
    <subfield code="M">49HBZ_UBD</subfield>
  </datafield>
  <datafield tag="997" ind1=" " ind2=" ">
    <subfield code="a">20090806</subfield>
    <subfield code="9">LOCAL</subfield>
    <subfield code="M">49HBZ_UBD</subfield>
  </datafield>
  <datafield tag="MBD" ind1=" " ind2=" ">
    <subfield code="M">49HBZ_UDE</subfield>
    <subfield code="i">990000106850206446</subfield>
    <subfield code="n">UB Duisburg-Essen</subfield>
  </datafield>
  <datafield tag="020" ind1=" " ind2=" ">
    <subfield code="a">0521217555</subfield>
    <subfield code="9">0-521-21755-5</subfield>
    <subfield code="M">49HBZ_UDE</subfield>
  </datafield>
  <datafield tag="020" ind1=" " ind2=" ">
    <subfield code="a">0521292654</subfield>
    <subfield code="9">0-521-29265-4</subfield>
    <subfield code="M">49HBZ_UDE</subfield>
  </datafield>
  <datafield tag="983" ind1=" " ind2=" ">
    <subfield code="b">JIQQ</subfield>
    <subfield code="9">LOCAL</subfield>
    <subfield code="M">49HBZ_UDE</subfield>
  </datafield>
  <datafield tag="MBD" ind1=" " ind2=" ">
    <subfield code="M">49HBZ_DUE</subfield>
    <subfield code="i">990000098510206443</subfield>
    <subfield code="n">ULB D&#252;sseldorf</subfield>
  </datafield>
  <datafield tag="020" ind1=" " ind2=" ">
    <subfield code="a">0521217555</subfield>
    <subfield code="9">0-521-21755-5</subfield>
    <subfield code="M">49HBZ_DUE</subfield>
  </datafield>
  <datafield tag="020" ind1=" " ind2=" ">
    <subfield code="a">0521292654</subfield>
    <subfield code="9">0-521-29265-4</subfield>
    <subfield code="M">49HBZ_DUE</subfield>
  </datafield>
  <datafield tag="983" ind1=" " ind2=" ">
    <subfield code="a">phid13300</subfield>
    <subfield code="9">LOCAL</subfield>
    <subfield code="M">49HBZ_DUE</subfield>
  </datafield>
  <datafield tag="983" ind1=" " ind2=" ">
    <subfield code="a">phig13400</subfield>
    <subfield code="9">LOCAL</subfield>
    <subfield code="M">49HBZ_DUE</subfield>
  </datafield>
  <datafield tag="MNG" ind1=" " ind2=" ">
    <subfield code="c">System</subfield>
    <subfield code="f">HBZ</subfield>
    <subfield code="i">marc21</subfield>
    <subfield code="h">20210317190700.0</subfield>
    <subfield code="k">01</subfield>
    <subfield code="e">false</subfield>
    <subfield code="d">2021-07-30 06:22:01 Europe/Berlin</subfield>
    <subfield code="g">000045461-HBZ01</subfield>
    <subfield code="j">60</subfield>
    <subfield code="a">import</subfield>
    <subfield code="b">2021-04-06 03:59:30 Europe/Berlin</subfield>
  </datafield>
  <datafield tag="H52" ind1="8" ind2=" ">
    <subfield code="b">UB_BI</subfield>
    <subfield code="c">26_Mono</subfield>
    <subfield code="h">BJ900+BR863.KA Y78</subfield>
    <subfield code="8">22252238950006442</subfield>
  </datafield>
  <datafield tag="HOL" ind1=" " ind2=" ">
    <subfield code="b">2021-04-19 04:40:07</subfield>
    <subfield code="8">22252238950006442</subfield>
    <subfield code="M">49HBZ_BIE</subfield>
    <subfield code="g">false</subfield>
    <subfield code="a">import</subfield>
  </datafield>
  <datafield tag="ITM" ind1=" " ind2=" ">
    <subfield code="H">22252238950006442</subfield>
    <subfield code="x">26_Mono</subfield>
    <subfield code="f">BOOK</subfield>
    <subfield code="v">26_Mono</subfield>
    <subfield code="p">item_08</subfield>
    <subfield code="X">Cutover_Fix_OSID</subfield>
    <subfield code="U">2021-04-18 10:59:00</subfield>
    <subfield code="Y">2021-04-19 04:40:36</subfield>
    <subfield code="h">false</subfield>
    <subfield code="M">49HBZ_BIE</subfield>
    <subfield code="s">1</subfield>
    <subfield code="d">8</subfield>
    <subfield code="V">import</subfield>
    <subfield code="L">Abteilung/Standort/Haushaltsstufe: 26 | SISIS-Magazindrucker: 0 | HBZ01: HT000052280 | Keine Beilagen: 1</subfield>
    <subfield code="b">168/1149599+01</subfield>
    <subfield code="O">SISIS-Ausleihz&#228;hler vorletztes Migrationsjahr: 0 | SISIS-Vormerkz&#228;hler Migrationsjahr: 0 | SISIS-vorletztes R&#252;ckgabedatum: 2004-05-13 | SISIS-Buchdaten-Aufnahmedatum: 2002-01-28</subfield>
    <subfield code="N">Fernleihkonditionen: 0 | Sigel: 361 | Klassifikation: 26_Mono | Altersbegrenzung: 0 | SISIS-Ausleihz&#228;hler Migrationsjahr: 0 | SISIS-Ausleihz&#228;hler Vor-Migrationsjahr: 0</subfield>
    <subfield code="a">23252238940006442</subfield>
    <subfield code="c">BJ900+BR863.KA Y78</subfield>
    <subfield code="W">2021-04-19 04:40:07</subfield>
    <subfield code="u">UB_BI</subfield>
    <subfield code="w">UB_BI</subfield>
  </datafield>
  <datafield tag="H52" ind1=" " ind2=" ">
    <subfield code="b">ZB</subfield>
    <subfield code="c">Freihand</subfield>
    <subfield code="8">22184495240006445</subfield>
  </datafield>
  <datafield tag="HOL" ind1=" " ind2=" ">
    <subfield code="b">2021-04-19 15:01:38</subfield>
    <subfield code="8">22184495240006445</subfield>
    <subfield code="M">49HBZ_UBD</subfield>
    <subfield code="g">false</subfield>
    <subfield code="a">import</subfield>
  </datafield>
  <datafield tag="ITM" ind1=" " ind2=" ">
    <subfield code="H">22184495240006445</subfield>
    <subfield code="x">Freihand</subfield>
    <subfield code="f">BOOK</subfield>
    <subfield code="v">Freihand</subfield>
    <subfield code="X">System</subfield>
    <subfield code="U">2021-04-19 10:59:00</subfield>
    <subfield code="Y">2021-04-19 15:02:09</subfield>
    <subfield code="h">false</subfield>
    <subfield code="n">Ba 8062</subfield>
    <subfield code="G">1</subfield>
    <subfield code="M">49HBZ_UBD</subfield>
    <subfield code="s">1</subfield>
    <subfield code="d">#</subfield>
    <subfield code="V">import</subfield>
    <subfield code="L">ClassificationNo: 200 | SISIS-Magazindrucker: 0 | HBZ01: HT000052280</subfield>
    <subfield code="b">20038519</subfield>
    <subfield code="O">SISIS-Ausleihz&#228;hler vorletztes Migrationsjahr: 0 | SISIS-Vormerkz&#228;hler Migrationsjahr: 0 | SISIS-Buchdaten-Aufnahmedatum: 2009-08-06</subfield>
    <subfield code="N">Fernleihkonditionen: 0 | Sigel: 290 | Klassifikation: 200 | Altersbegrenzung: 0 | SISIS-Ausleihz&#228;hler Migrationsjahr: 0 | SISIS-Ausleihz&#228;hler Vor-Migrationsjahr: 0</subfield>
    <subfield code="a">23184495230006445</subfield>
    <subfield code="B">ZB-21979</subfield>
    <subfield code="W">2021-04-19 15:01:38</subfield>
    <subfield code="u">ZB</subfield>
    <subfield code="w">ZB</subfield>
  </datafield>
  <datafield tag="H52" ind1="8" ind2=" ">
    <subfield code="b">E0001</subfield>
    <subfield code="c">E11</subfield>
    <subfield code="h">JIQQ1129</subfield>
    <subfield code="8">22370916700006446</subfield>
  </datafield>
  <datafield tag="HOL" ind1=" " ind2=" ">
    <subfield code="b">2021-04-15 16:06:37</subfield>
    <subfield code="8">22370916700006446</subfield>
    <subfield code="M">49HBZ_UDE</subfield>
    <subfield code="g">false</subfield>
    <subfield code="a">import</subfield>
  </datafield>
  <datafield tag="ITM" ind1=" " ind2=" ">
    <subfield code="H">22370916700006446</subfield>
    <subfield code="x">E11</subfield>
    <subfield code="f">BOOK</subfield>
    <subfield code="v">E11</subfield>
    <subfield code="p">10</subfield>
    <subfield code="X">System</subfield>
    <subfield code="U">1984-08-31 10:59:00</subfield>
    <subfield code="Y">2021-04-15 16:07:37</subfield>
    <subfield code="h">false</subfield>
    <subfield code="n">JIQQ1129</subfield>
    <subfield code="M">49HBZ_UDE</subfield>
    <subfield code="s">1</subfield>
    <subfield code="d">8</subfield>
    <subfield code="V">import</subfield>
    <subfield code="b">JIQQ1129</subfield>
    <subfield code="a">23370916690006446</subfield>
    <subfield code="t">8</subfield>
    <subfield code="c">JIQQ1129</subfield>
    <subfield code="W">2021-04-15 16:06:37</subfield>
    <subfield code="u">E0001</subfield>
    <subfield code="w">E0001</subfield>
  </datafield>
  <datafield tag="H52" ind1="8" ind2=" ">
    <subfield code="b">X0001</subfield>
    <subfield code="c">03</subfield>
    <subfield code="h">phid13302.k16</subfield>
    <subfield code="8">22314616870006443</subfield>
  </datafield>
  <datafield tag="HOL" ind1=" " ind2=" ">
    <subfield code="b">2021-04-01 12:58:52</subfield>
    <subfield code="8">22314616870006443</subfield>
    <subfield code="M">49HBZ_DUE</subfield>
    <subfield code="g">false</subfield>
    <subfield code="a">import</subfield>
  </datafield>
  <datafield tag="H52" ind1="8" ind2=" ">
    <subfield code="b">X0031</subfield>
    <subfield code="c">25</subfield>
    <subfield code="h">phig13402.k16</subfield>
    <subfield code="8">22314616850006443</subfield>
  </datafield>
  <datafield tag="HOL" ind1=" " ind2=" ">
    <subfield code="b">2021-04-01 12:58:52</subfield>
    <subfield code="8">22314616850006443</subfield>
    <subfield code="M">49HBZ_DUE</subfield>
    <subfield code="g">false</subfield>
    <subfield code="a">import</subfield>
  </datafield>
  <datafield tag="ITM" ind1=" " ind2=" ">
    <subfield code="H">22314616870006443</subfield>
    <subfield code="x">03</subfield>
    <subfield code="f">BOOK</subfield>
    <subfield code="v">03</subfield>
    <subfield code="p">10</subfield>
    <subfield code="X">System</subfield>
    <subfield code="U">1999-12-22 10:59:00</subfield>
    <subfield code="Y">2021-04-01 12:59:39</subfield>
    <subfield code="h">false</subfield>
    <subfield code="M">49HBZ_DUE</subfield>
    <subfield code="s">1</subfield>
    <subfield code="d">8</subfield>
    <subfield code="V">import</subfield>
    <subfield code="b">057324601</subfield>
    <subfield code="a">23314616860006443</subfield>
    <subfield code="c">phid13302.k16</subfield>
    <subfield code="W">2021-04-01 12:58:52</subfield>
    <subfield code="u">X0001</subfield>
    <subfield code="w">X0001</subfield>
  </datafield>
  <datafield tag="ITM" ind1=" " ind2=" ">
    <subfield code="H">22314616850006443</subfield>
    <subfield code="x">25</subfield>
    <subfield code="f">BOOK</subfield>
    <subfield code="v">25</subfield>
    <subfield code="p">32</subfield>
    <subfield code="X">System</subfield>
    <subfield code="U">1999-12-22 10:59:00</subfield>
    <subfield code="Y">2021-04-01 12:59:39</subfield>
    <subfield code="h">false</subfield>
    <subfield code="M">49HBZ_DUE</subfield>
    <subfield code="s">1</subfield>
    <subfield code="d">8</subfield>
    <subfield code="V">import</subfield>
    <subfield code="b">027790901</subfield>
    <subfield code="a">23314616840006443</subfield>
    <subfield code="c">phig13402.k16</subfield>
    <subfield code="W">2021-04-01 12:58:52</subfield>
    <subfield code="u">X0031</subfield>
    <subfield code="w">X0031</subfield>
  </datafield>
  <datafield tag="GST" ind1=" " ind2=" ">
    <subfield code="a">Philosophieren</subfield>
    <subfield code="A">GND</subfield>
    <subfield code="B">GND-040457915</subfield>
    <subfield code="C">450</subfield>
  </datafield>
  <datafield tag="GSI" ind1="7" ind2=" ">
    <subfield code="a">http://d-nb.info/gnd/4045791-6</subfield>
    <subfield code="2">uri</subfield>
    <subfield code="A">GND</subfield>
    <subfield code="B">GND-040457915</subfield>
    <subfield code="C">024</subfield>
  </datafield>
  <datafield tag="GPN" ind1="1" ind2=" ">
    <subfield code="a">Kant, Im&#257;n&#363;&#299;l</subfield>
    <subfield code="d">1724-1804</subfield>
    <subfield code="A">GND</subfield>
    <subfield code="B">GND-118559796</subfield>
    <subfield code="C">400</subfield>
  </datafield>
  <datafield tag="GPN" ind1="1" ind2=" ">
    <subfield code="a">Kant, Immanu&#239;l</subfield>
    <subfield code="d">1724-1804</subfield>
    <subfield code="A">GND</subfield>
    <subfield code="B">GND-118559796</subfield>
    <subfield code="C">400</subfield>
  </datafield>
  <datafield tag="GPN" ind1="1" ind2=" ">
    <subfield code="a">Kant, Immanuel&#697;</subfield>
    <subfield code="d">1724-1804</subfield>
    <subfield code="A">GND</subfield>
    <subfield code="B">GND-118559796</subfield>
    <subfield code="C">400</subfield>
  </datafield>
  <datafield tag="GPN" ind1="1" ind2=" ">
    <subfield code="a">Kant, Imm&#257;n&#363;&apos;&#275;l</subfield>
    <subfield code="d">1724-1804</subfield>
    <subfield code="A">GND</subfield>
    <subfield code="B">GND-118559796</subfield>
    <subfield code="C">400</subfield>
  </datafield>
  <datafield tag="GPN" ind1="1" ind2=" ">
    <subfield code="a">Kant, Imanuell</subfield>
    <subfield code="d">1724-1804</subfield>
    <subfield code="A">GND</subfield>
    <subfield code="B">GND-118559796</subfield>
    <subfield code="C">400</subfield>
  </datafield>
  <datafield tag="GPN" ind1="1" ind2=" ">
    <subfield code="a">Kant, Immanowel</subfield>
    <subfield code="d">1724-1804</subfield>
    <subfield code="A">GND</subfield>
    <subfield code="B">GND-118559796</subfield>
    <subfield code="C">400</subfield>
  </datafield>
  <datafield tag="GPN" ind1="0" ind2=" ">
    <subfield code="a">Kantius</subfield>
    <subfield code="d">1724-1804</subfield>
    <subfield code="A">GND</subfield>
    <subfield code="B">GND-118559796</subfield>
    <subfield code="C">400</subfield>
  </datafield>
  <datafield tag="GPN" ind1="1" ind2=" ">
    <subfield code="a">Kanto, Imanueru</subfield>
    <subfield code="d">1724-1804</subfield>
    <subfield code="A">GND</subfield>
    <subfield code="B">GND-118559796</subfield>
    <subfield code="C">400</subfield>
  </datafield>
  <datafield tag="GPN" ind1="1" ind2=" ">
    <subfield code="a">K&#257;nt, &#703;Im&#257;n&#363;&#702;&#299;l</subfield>
    <subfield code="d">1724-1804</subfield>
    <subfield code="A">GND</subfield>
    <subfield code="B">GND-118559796</subfield>
    <subfield code="C">400</subfield>
  </datafield>
  <datafield tag="GPN" ind1="1" ind2=" ">
    <subfield code="a">K&#257;nt, &#703;Am&#257;n&#363;&#702;&#299;l</subfield>
    <subfield code="d">1724-1804</subfield>
    <subfield code="A">GND</subfield>
    <subfield code="B">GND-118559796</subfield>
    <subfield code="C">400</subfield>
  </datafield>
  <datafield tag="GPN" ind1="1" ind2=" ">
    <subfield code="a">&#7730;an&#7789;, &#703;Imanu&#702;el</subfield>
    <subfield code="d">1724-1804</subfield>
    <subfield code="A">GND</subfield>
    <subfield code="B">GND-118559796</subfield>
    <subfield code="C">400</subfield>
  </datafield>
  <datafield tag="GPN" ind1="1" ind2=" ">
    <subfield code="a">K&#257;n&#7789;, &#703;Amm&#257;n&#363;&#702;&#299;l</subfield>
    <subfield code="d">1724-1804</subfield>
    <subfield code="A">GND</subfield>
    <subfield code="B">GND-118559796</subfield>
    <subfield code="C">400</subfield>
  </datafield>
  <datafield tag="GPN" ind1="0" ind2=" ">
    <subfield code="a">Cant</subfield>
    <subfield code="d">1724-1804</subfield>
    <subfield code="A">GND</subfield>
    <subfield code="B">GND-118559796</subfield>
    <subfield code="C">400</subfield>
  </datafield>
  <datafield tag="GPN" ind1="1" ind2=" ">
    <subfield code="a">Kanti, Imanuel</subfield>
    <subfield code="d">1724-1804</subfield>
    <subfield code="A">GND</subfield>
    <subfield code="B">GND-118559796</subfield>
    <subfield code="C">400</subfield>
  </datafield>
  <datafield tag="GPN" ind1="1" ind2=" ">
    <subfield code="a">Kants, Imanuels</subfield>
    <subfield code="d">1724-1804</subfield>
    <subfield code="A">GND</subfield>
    <subfield code="B">GND-118559796</subfield>
    <subfield code="C">400</subfield>
  </datafield>
  <datafield tag="GPN" ind1="1" ind2=" ">
    <subfield code="a">Kants, Immanu&#275;ls</subfield>
    <subfield code="d">1724-1804</subfield>
    <subfield code="A">GND</subfield>
    <subfield code="B">GND-118559796</subfield>
    <subfield code="C">400</subfield>
  </datafield>
  <datafield tag="GPN" ind1="1" ind2=" ">
    <subfield code="a">Kantas, I.</subfield>
    <subfield code="d">1724-1804</subfield>
    <subfield code="A">GND</subfield>
    <subfield code="B">GND-118559796</subfield>
    <subfield code="C">400</subfield>
  </datafield>
  <datafield tag="GPN" ind1="1" ind2=" ">
    <subfield code="a">Kantas, Imanuelis</subfield>
    <subfield code="d">1724-1804</subfield>
    <subfield code="A">GND</subfield>
    <subfield code="B">GND-118559796</subfield>
    <subfield code="C">400</subfield>
  </datafield>
  <datafield tag="GPN" ind1="0" ind2=" ">
    <subfield code="a">Pseudo-Kant</subfield>
    <subfield code="d">1724-1804</subfield>
    <subfield code="A">GND</subfield>
    <subfield code="B">GND-118559796</subfield>
    <subfield code="C">400</subfield>
  </datafield>
  <datafield tag="GPN" ind1="0" ind2=" ">
    <subfield code="a">Yi man nu er Kang de</subfield>
    <subfield code="d">1724-1804</subfield>
    <subfield code="A">GND</subfield>
    <subfield code="B">GND-118559796</subfield>
    <subfield code="C">400</subfield>
  </datafield>
  <datafield tag="GPN" ind1="0" ind2=" ">
    <subfield code="a">Yimannuer-Kangde</subfield>
    <subfield code="d">1724-1804</subfield>
    <subfield code="A">GND</subfield>
    <subfield code="B">GND-118559796</subfield>
    <subfield code="C">400</subfield>
  </datafield>
  <datafield tag="GPN" ind1="1" ind2=" ">
    <subfield code="a">Kangde, Yimannuer</subfield>
    <subfield code="d">1724-1804</subfield>
    <subfield code="A">GND</subfield>
    <subfield code="B">GND-118559796</subfield>
    <subfield code="C">400</subfield>
  </datafield>
  <datafield tag="GPN" ind1="0" ind2=" ">
    <subfield code="a">Kang de</subfield>
    <subfield code="d">1724-1804</subfield>
    <subfield code="A">GND</subfield>
    <subfield code="B">GND-118559796</subfield>
    <subfield code="C">400</subfield>
  </datafield>
  <datafield tag="GPN" ind1="0" ind2=" ">
    <subfield code="a">Kangde</subfield>
    <subfield code="d">1724-1804</subfield>
    <subfield code="A">GND</subfield>
    <subfield code="B">GND-118559796</subfield>
    <subfield code="C">400</subfield>
  </datafield>
  <datafield tag="GPN" ind1="1" ind2=" ">
    <subfield code="a">Kant, Immanuil</subfield>
    <subfield code="d">1724-1804</subfield>
    <subfield code="A">GND</subfield>
    <subfield code="B">GND-118559796</subfield>
    <subfield code="C">400</subfield>
  </datafield>
  <datafield tag="GPN" ind1="1" ind2=" ">
    <subfield code="a">Kant, Imm.</subfield>
    <subfield code="d">1724-1804</subfield>
    <subfield code="A">GND</subfield>
    <subfield code="B">GND-118559796</subfield>
    <subfield code="C">400</subfield>
  </datafield>
  <datafield tag="GPN" ind1="1" ind2=" ">
    <subfield code="a">Kant, Inmanuel</subfield>
    <subfield code="d">1724-1804</subfield>
    <subfield code="A">GND</subfield>
    <subfield code="B">GND-118559796</subfield>
    <subfield code="C">400</subfield>
  </datafield>
  <datafield tag="GPN" ind1="1" ind2=" ">
    <subfield code="a">Kant, Manuel</subfield>
    <subfield code="d">1724-1804</subfield>
    <subfield code="A">GND</subfield>
    <subfield code="B">GND-118559796</subfield>
    <subfield code="C">400</subfield>
  </datafield>
  <datafield tag="GPN" ind1="0" ind2=" ">
    <subfield code="a">Kant</subfield>
    <subfield code="d">1724-1804</subfield>
    <subfield code="A">GND</subfield>
    <subfield code="B">GND-118559796</subfield>
    <subfield code="C">400</subfield>
  </datafield>
  <datafield tag="GPN" ind1="1" ind2=" ">
    <subfield code="a">Qan&#7789;, Imm&#257;n&#363;&apos;&#275;l</subfield>
    <subfield code="d">1724-1804</subfield>
    <subfield code="A">GND</subfield>
    <subfield code="B">GND-118559796</subfield>
    <subfield code="C">400</subfield>
  </datafield>
  <datafield tag="GPN" ind1="0" ind2=" ">
    <subfield code="a">Kanto</subfield>
    <subfield code="d">1724-1804</subfield>
    <subfield code="A">GND</subfield>
    <subfield code="B">GND-118559796</subfield>
    <subfield code="C">400</subfield>
  </datafield>
  <datafield tag="GPN" ind1="1" ind2=" ">
    <subfield code="a">K&apos;ang-t&#234;, I.</subfield>
    <subfield code="d">1724-1804</subfield>
    <subfield code="A">GND</subfield>
    <subfield code="B">GND-118559796</subfield>
    <subfield code="C">400</subfield>
  </datafield>
  <datafield tag="GPN" ind1="0" ind2=" ">
    <subfield code="a">K&apos;ang-t&#234;</subfield>
    <subfield code="d">1724-1804</subfield>
    <subfield code="A">GND</subfield>
    <subfield code="B">GND-118559796</subfield>
    <subfield code="C">400</subfield>
  </datafield>
  <datafield tag="GPN" ind1="0" ind2=" ">
    <subfield code="a">K&#257;nt</subfield>
    <subfield code="d">1724-1804</subfield>
    <subfield code="A">GND</subfield>
    <subfield code="B">GND-118559796</subfield>
    <subfield code="C">400</subfield>
  </datafield>
  <datafield tag="GPN" ind1="1" ind2=" ">
    <subfield code="a">K&#257;n&#7789;, Imainual</subfield>
    <subfield code="d">1724-1804</subfield>
    <subfield code="A">GND</subfield>
    <subfield code="B">GND-118559796</subfield>
    <subfield code="C">400</subfield>
  </datafield>
  <datafield tag="GPN" ind1="1" ind2=" ">
    <subfield code="a">Kant, Immanu&#239;l</subfield>
    <subfield code="d">1724-1804</subfield>
    <subfield code="A">GND</subfield>
    <subfield code="B">GND-118559796</subfield>
    <subfield code="C">400</subfield>
  </datafield>
  <datafield tag="GPN" ind1="1" ind2=" ">
    <subfield code="a">K&#257;nt, &#703;Im&#257;n&#363;&#299;l</subfield>
    <subfield code="d">1724-1804</subfield>
    <subfield code="A">GND</subfield>
    <subfield code="B">GND-118559796</subfield>
    <subfield code="C">400</subfield>
  </datafield>
  <datafield tag="GPN" ind1="1" ind2=" ">
    <subfield code="a">Kant, Imanuwil</subfield>
    <subfield code="d">1724-1804</subfield>
    <subfield code="A">GND</subfield>
    <subfield code="B">GND-118559796</subfield>
    <subfield code="C">400</subfield>
  </datafield>
  <datafield tag="GPN" ind1="1" ind2=" ">
    <subfield code="a">Kant, Immanual</subfield>
    <subfield code="d">1724-1804</subfield>
    <subfield code="A">GND</subfield>
    <subfield code="B">GND-118559796</subfield>
    <subfield code="C">400</subfield>
  </datafield>
  <datafield tag="GPN" ind1="1" ind2=" ">
    <subfield code="a">Kant, Immanuell</subfield>
    <subfield code="d">1724-1804</subfield>
    <subfield code="A">GND</subfield>
    <subfield code="B">GND-118559796</subfield>
    <subfield code="C">400</subfield>
  </datafield>
  <datafield tag="GPN" ind1="1" ind2=" ">
    <subfield code="a">Kanto, I.</subfield>
    <subfield code="d">1724-1804</subfield>
    <subfield code="A">GND</subfield>
    <subfield code="B">GND-118559796</subfield>
    <subfield code="C">400</subfield>
  </datafield>
  <datafield tag="GPN" ind1="1" ind2=" ">
    <subfield code="a">Kant, Imanuel</subfield>
    <subfield code="d">1724-1804</subfield>
    <subfield code="A">GND</subfield>
    <subfield code="B">GND-118559796</subfield>
    <subfield code="C">400</subfield>
  </datafield>
  <datafield tag="GPN" ind1="1" ind2=" ">
    <subfield code="a">Kant, I.</subfield>
    <subfield code="d">1724-1804</subfield>
    <subfield code="A">GND</subfield>
    <subfield code="B">GND-118559796</subfield>
    <subfield code="C">400</subfield>
  </datafield>
  <datafield tag="GPN" ind1="1" ind2=" ">
    <subfield code="a">Kant, Emanuel</subfield>
    <subfield code="d">1724-1804</subfield>
    <subfield code="A">GND</subfield>
    <subfield code="B">GND-118559796</subfield>
    <subfield code="C">400</subfield>
  </datafield>
  <datafield tag="GPN" ind1="1" ind2=" ">
    <subfield code="a">Kant, Emanuele</subfield>
    <subfield code="d">1724-1804</subfield>
    <subfield code="A">GND</subfield>
    <subfield code="B">GND-118559796</subfield>
    <subfield code="C">400</subfield>
  </datafield>
  <datafield tag="GPN" ind1="1" ind2=" ">
    <subfield code="a">Kant, Emmanuel</subfield>
    <subfield code="d">1724-1804</subfield>
    <subfield code="A">GND</subfield>
    <subfield code="B">GND-118559796</subfield>
    <subfield code="C">400</subfield>
  </datafield>
  <datafield tag="GPN" ind1="1" ind2=" ">
    <subfield code="a">Kant, Emmanuele</subfield>
    <subfield code="d">1724-1804</subfield>
    <subfield code="A">GND</subfield>
    <subfield code="B">GND-118559796</subfield>
    <subfield code="C">400</subfield>
  </datafield>
  <datafield tag="GPN" ind1="1" ind2=" ">
    <subfield code="a">Kant, E.</subfield>
    <subfield code="d">1724-1804</subfield>
    <subfield code="A">GND</subfield>
    <subfield code="B">GND-118559796</subfield>
    <subfield code="C">400</subfield>
  </datafield>
  <datafield tag="GPN" ind1="1" ind2=" ">
    <subfield code="a">Kant, Manuele</subfield>
    <subfield code="d">1724-1804</subfield>
    <subfield code="A">GND</subfield>
    <subfield code="B">GND-118559796</subfield>
    <subfield code="C">400</subfield>
  </datafield>
  <datafield tag="GPN" ind1="1" ind2=" ">
    <subfield code="a">Kant, M.</subfield>
    <subfield code="d">1724-1804</subfield>
    <subfield code="A">GND</subfield>
    <subfield code="B">GND-118559796</subfield>
    <subfield code="C">400</subfield>
  </datafield>
  <datafield tag="GPN" ind1="1" ind2=" ">
    <subfield code="a">Kantius, Immanuel</subfield>
    <subfield code="d">1724-1804</subfield>
    <subfield code="A">GND</subfield>
    <subfield code="B">GND-118559796</subfield>
    <subfield code="C">400</subfield>
  </datafield>
  <datafield tag="GPN" ind1="1" ind2=" ">
    <subfield code="a">Kant, Imanuil</subfield>
    <subfield code="d">1724-1804</subfield>
    <subfield code="A">GND</subfield>
    <subfield code="B">GND-118559796</subfield>
    <subfield code="C">400</subfield>
  </datafield>
  <datafield tag="GPN" ind1="1" ind2=" ">
    <subfield code="a">Kant, Amanuil</subfield>
    <subfield code="d">1724-1804</subfield>
    <subfield code="A">GND</subfield>
    <subfield code="B">GND-118559796</subfield>
    <subfield code="C">400</subfield>
  </datafield>
  <datafield tag="GPN" ind1="0" ind2=" ">
    <subfield code="a">K`ant`u</subfield>
    <subfield code="d">1724-1804</subfield>
    <subfield code="A">GND</subfield>
    <subfield code="B">GND-118559796</subfield>
    <subfield code="C">400</subfield>
  </datafield>
  <datafield tag="GPN" ind1="1" ind2=" ">
    <subfield code="a">Canto, I.</subfield>
    <subfield code="d">1724-1804</subfield>
    <subfield code="A">GND</subfield>
    <subfield code="B">GND-118559796</subfield>
    <subfield code="C">400</subfield>
  </datafield>
  <datafield tag="GPN" ind1="1" ind2=" ">
    <subfield code="a">Kant, Im.</subfield>
    <subfield code="d">1724-1804</subfield>
    <subfield code="A">GND</subfield>
    <subfield code="B">GND-118559796</subfield>
    <subfield code="C">400</subfield>
  </datafield>
  <datafield tag="GPN" ind1="1" ind2=" ">
    <subfield code="a">Kant, `Imanu&apos;el</subfield>
    <subfield code="d">1724-1804</subfield>
    <subfield code="A">GND</subfield>
    <subfield code="B">GND-118559796</subfield>
    <subfield code="C">400</subfield>
  </datafield>
  <datafield tag="GPN" ind1="1" ind2=" ">
    <subfield code="a">K&#257;nt, `Amm&#257;n&#363;&#697;&#299;l</subfield>
    <subfield code="d">1724-1804</subfield>
    <subfield code="A">GND</subfield>
    <subfield code="B">GND-118559796</subfield>
    <subfield code="C">400</subfield>
  </datafield>
  <datafield tag="GPN" ind1="1" ind2=" ">
    <subfield code="a">Kant, IImmanuil</subfield>
    <subfield code="d">1724-1804</subfield>
    <subfield code="A">GND</subfield>
    <subfield code="B">GND-118559796</subfield>
    <subfield code="C">400</subfield>
  </datafield>
  <datafield tag="GPN" ind1="0" ind2=" ">
    <subfield code="a">Kant</subfield>
    <subfield code="d">1724-1804</subfield>
    <subfield code="A">GND</subfield>
    <subfield code="B">GND-118559796</subfield>
    <subfield code="C">400</subfield>
  </datafield>
  <datafield tag="GPN" ind1="1" ind2=" ">
    <subfield code="a">Kantius, Immanowel</subfield>
    <subfield code="d">1724-1804</subfield>
    <subfield code="A">GND</subfield>
    <subfield code="B">GND-118559796</subfield>
    <subfield code="C">400</subfield>
  </datafield>
  <datafield tag="GPN" ind1="1" ind2=" ">
    <subfield code="a">Kant, Imainual</subfield>
    <subfield code="d">1724-1804</subfield>
    <subfield code="A">GND</subfield>
    <subfield code="B">GND-118559796</subfield>
    <subfield code="C">400</subfield>
  </datafield>
  <datafield tag="GPN" ind1="0" ind2=" ">
    <subfield code="a">K`ang-te</subfield>
    <subfield code="d">1724-1804</subfield>
    <subfield code="A">GND</subfield>
    <subfield code="B">GND-118559796</subfield>
    <subfield code="C">400</subfield>
  </datafield>
  <datafield tag="GPN" ind1="1" ind2=" ">
    <subfield code="a">&#1050;&#1072;&#1085;&#1090;, &#1048;.</subfield>
    <subfield code="d">1724-1804</subfield>
    <subfield code="A">GND</subfield>
    <subfield code="B">GND-118559796</subfield>
    <subfield code="C">400</subfield>
  </datafield>
  <datafield tag="GPN" ind1="1" ind2=" ">
    <subfield code="a">&#1050;&#1072;&#1085;&#1090;, &#1048;&#1084;&#1084;&#1072;&#1085;&#1091;&#1077;&#1083;</subfield>
    <subfield code="d">1724-1804</subfield>
    <subfield code="A">GND</subfield>
    <subfield code="B">GND-118559796</subfield>
    <subfield code="C">400</subfield>
  </datafield>
  <datafield tag="GPN" ind1="1" ind2=" ">
    <subfield code="9">U:Cyrl</subfield>
    <subfield code="9">L:rus</subfield>
    <subfield code="a">&#1050;&#1072;&#1085;&#1090;, &#1048;&#1084;&#1084;&#1072;&#1085;&#1091;&#1080;&#1083;</subfield>
    <subfield code="d">1724-1804</subfield>
    <subfield code="A">GND</subfield>
    <subfield code="B">GND-118559796</subfield>
    <subfield code="C">400</subfield>
  </datafield>
  <datafield tag="GPN" ind1="0" ind2=" ">
    <subfield code="9">U:Jpan</subfield>
    <subfield code="a">&#12452;&#12510;&#12492;&#12456;&#12523;&#12539;&#12459;&#12531;&#12488;</subfield>
    <subfield code="d">1724-1804</subfield>
    <subfield code="5">DE-576</subfield>
    <subfield code="A">GND</subfield>
    <subfield code="B">GND-118559796</subfield>
    <subfield code="C">400</subfield>
  </datafield>
  <datafield tag="GPN" ind1="1" ind2=" ">
    <subfield code="9">U:Jpan</subfield>
    <subfield code="a">&#12459;&#12531;&#12488;, &#12452;&#12510;&#12492;&#12456;&#12523;</subfield>
    <subfield code="d">1724-1804</subfield>
    <subfield code="5">DE-576</subfield>
    <subfield code="A">GND</subfield>
    <subfield code="B">GND-118559796</subfield>
    <subfield code="C">400</subfield>
  </datafield>
  <datafield tag="GPN" ind1="1" ind2=" ">
    <subfield code="9">U:Hans</subfield>
    <subfield code="a">&#24247;&#24503;, &#20234;&#26364;&#32445;&#23572;</subfield>
    <subfield code="d">1724-1804</subfield>
    <subfield code="5">DE-576</subfield>
    <subfield code="A">GND</subfield>
    <subfield code="B">GND-118559796</subfield>
    <subfield code="C">400</subfield>
  </datafield>
  <datafield tag="GPN" ind1="1" ind2=" ">
    <subfield code="9">U:Hebr</subfield>
    <subfield code="a">&#1511;&#1488;&#1504;&#1496;, &#1506;&#1502;&#1504;&#1493;&#1488;&#1500;</subfield>
    <subfield code="d">1724-1804</subfield>
    <subfield code="5">DE-576</subfield>
    <subfield code="A">GND</subfield>
    <subfield code="B">GND-118559796</subfield>
    <subfield code="C">400</subfield>
  </datafield>
  <datafield tag="GPN" ind1="1" ind2=" ">
    <subfield code="9">U:Hebr</subfield>
    <subfield code="a">&#1511;&#1504;&#1496;, &#1506;&#1502;&#1504;&#1493;&#1488;&#1500;</subfield>
    <subfield code="d">1724-1804</subfield>
    <subfield code="A">GND</subfield>
    <subfield code="B">GND-118559796</subfield>
    <subfield code="C">400</subfield>
  </datafield>
  <datafield tag="GSI" ind1="7" ind2=" ">
    <subfield code="a">118559796</subfield>
    <subfield code="0">http://d-nb.info/gnd/118559796</subfield>
    <subfield code="2">gnd</subfield>
    <subfield code="A">GND</subfield>
    <subfield code="B">GND-118559796</subfield>
    <subfield code="C">024</subfield>
  </datafield>
  <datafield tag="GPN" ind1="1" ind2=" ">
    <subfield code="a">Broad, C. D.</subfield>
    <subfield code="d">1887-1971</subfield>
    <subfield code="A">GND</subfield>
    <subfield code="B">GND-118935259</subfield>
    <subfield code="C">400</subfield>
  </datafield>
  <datafield tag="GPN" ind1="1" ind2=" ">
    <subfield code="a">Broad, Charlie Dunbar</subfield>
    <subfield code="d">1887-1971</subfield>
    <subfield code="A">GND</subfield>
    <subfield code="B">GND-118935259</subfield>
    <subfield code="C">400</subfield>
  </datafield>
  <datafield tag="GPN" ind1="1" ind2=" ">
    <subfield code="a">Broad, C.D.</subfield>
    <subfield code="d">1887-1971</subfield>
    <subfield code="A">GND</subfield>
    <subfield code="B">GND-118935259</subfield>
    <subfield code="C">400</subfield>
  </datafield>
  <datafield tag="GSI" ind1="7" ind2=" ">
    <subfield code="a">http://d-nb.info/gnd/118935259</subfield>
    <subfield code="2">uri</subfield>
    <subfield code="A">GND</subfield>
    <subfield code="B">GND-118935259</subfield>
    <subfield code="C">024</subfield>
  </datafield>
</record>